@misc{gf2014,
  author =       {Ian J. Goodfellow and Jean Pouget-Abadie and Mehdi Mirza and Bing Xu, David Warde-Farley and Sherjil Ozair and Aaron Courville and Yoshua Bengio},
  title =        {Generative Adversarial Networks},
  howpublished = "\url{https://arxiv.org/abs/1406.2661}"
}
@misc{wilson2017,
  author =       {Yunus Saatchi and Andrew Gordon Wilson},
  title =        {Bayesian GAN},
howpublished = "\url{https://arxiv.org/abs/1705.09558}"
}
